@article{richter2017stable,
  title={Stable Nonlinear Control of an Agonist-Antagonist Muscle-Driven System},
  author={Richter, Hanz and Warner, Holly},
  journal={IFAC World Congress, Toulouse, France},
  volume={50},
  number={1},
  pages={7199--7204},
  year={2017},
  publisher={Elsevier}
}

@book{karnopp,
Author={Karnopp, D. and Margolis, D. and Rosenberg, R.C.},
Title={System Dynamics: Modeling, Simulation, and Control of Mechatronic Systems, 5th Ed.},
Year={2012},
Publisher={Wiley}}

@electronic{c1,
  author        = {Timothy, H.},
  title         = {American College of Sports Medicine},
  howpublished  = "\url{https://www.acsm.org/docs/brochures/selecting-and-effectively-using-a-rowing-machine.pdf}",
  year = {2011},
  note         = {Accessed Feb. 2016}} 
  
  
  
@electronic{ipopt,
  author        = {Coin-Or},
  title         = {IPOPT},
  howpublished  = "\url{https://projects.coin-or.org/Ipopt}",
  note         = {Accessed Feb. 2016}} 
  
  
 @article{c2,
  title={Boat Dynamics and Force Rendering Models for the Sprint System},
  author={Filippeschi, Alessandro and Ruffaldi, Emanuele},
  journal={Human-Machine Systems, IEEE Transactions on},
  volume={43},
  number={6},
  pages={631--642},
  year={2013},
  publisher={IEEE}
}


@mastersthesis{c3,
  title={Impedance Control as a Framework for Implementing Obstacle Avoidance in a Manipulator},
  author={Andrews, J Randolph and Hogan, Neville},
  year={1983},
  school={M. I. T., Dept. of Mechanical Engineering}
}


@book{c4,
  title={Engineering system dynamics: a Unified Graph-Centered Approach},
  author={Brown, Forbes T},
  year={2006},
  publisher={CRC press}
}

@article{c5,
  title={Six-DOF Impedance Control Based on Angle/Axis Representations},
  author={Caccavale, Fabrizio and Natale, Ciro and Siciliano, Bruno and Villani, Luigi},
  journal={Robotics and Automation, IEEE Transactions on},
  volume={15},
  number={2},
  pages={289--300},
  year={1999},
  publisher={IEEE}
}

@book{c6,
  title={System Dynamics: Modeling, Simulation, and Control of Mechatronic Systems},
  author={Karnopp, Dean C and Margolis, Donald L and Rosenberg, Ronald C},
  year={2012},
  publisher={John Wiley \& Sons}
}

@inproceedings{c7,
  title={Admittance Enhancement in Force Feedback of Dynamic Systems},
  author={Dohring, Mark and Newman, Wyatt},
  booktitle={Robotics and Automation, 2002. Proceedings. ICRA'02. IEEE International Conference on},
  volume={1},
  pages={638--643},
  year={2002},
  organization={IEEE}
}

@article{c8,
  title={Force and Power Characteristics of a Resistive Exercise Device for Use in Space},
  author={Berg, Hans E and Tesch, Per A},
  journal={Acta astronautica},
  volume={42},
  number={1},
  pages={219--230},
  year={1998},
  publisher={Elsevier}
}

@article{c9,
  title={A novel variable mechanical impedance electromechanical actuator},
  author={Fasse, Ernest D and Hogan, Neville and Gomez, Steve R and Mehta, Neil R},
  journal={Dynamic Systems and Control},
  volume={55},
  number={1},
  pages={311--318},
  year={1994},
  publisher={American Society of Mechanical Engineers}
}

@article{c10,
  title={A Framework for Control of Robots With Energy Regeneration},
  author={Richter, Hanz},
  journal={Journal of Dynamic Systems, Measurement, and Control},
  volume={137},
  number={9},
  pages={091004},
  year={2015},
  publisher={American Society of Mechanical Engineers}
}

@inproceedings{c11,
  title={Impedance control with energy regeneration in advanced exercise machines},
  author={Richter, Hanz and Selvaraj, Dhipak},
  booktitle={American Control Conference (ACC), 2015},
  pages={5890--5895},
  year={2015},
  organization={IEEE}
}




@inproceedings{c12,
  title={Semiactive virtual control method for robots with regenerative energy-storing joints},
  author={Richter, Hanz and Simon, Dan and van den Bogert, Antonie},
  booktitle={Proceedings of the 19th IFAC World Congress, Cape Town, South Africa},
  pages={10244--10250},
  year={2014}
}

@misc{13,
  title={Impedance and Interaction Control, Robotics and Automation Handbook},
  author={Hogan, N and Buerger, Stephen P},
  year={2005},
  publisher={CRC Press, Boca Raton, FL}
}

@article{c14,
  title={Stable interaction control and coulomb friction compensation using natural admittance control},
  author={Newman, Wyatt S and Zhang, Yuandao},
  journal={Journal of robotic systems},
  volume={11},
  number={1},
  pages={3--11},
  year={1994},
  publisher={Wiley Online Library}
}



@inproceedings{c15,
  title={Comparison of on-water rowing with its simulation on Concept2 and Rowperfect machines},
  author={Kleshnev, Valery},
  booktitle={Proceedings of XXIII International Symposium on Biomechanics in Sports},
  pages={130--133},
  year={2005}
}

@article{TonCollocppp,
  title={Predictive Musculoskeletal Simulation Using Optimal Control: Effects of Added Limb Mass on Energy Cost and Kinematics of Walking and Running},
  author={van den Bogert, A.J. and Hupperets, M. and Schlarb, H. and Krabbe, B.},
  journal={Proc. Inst. Mech. Eng. Part P: J. Sports Eng. Tech. },
  volume={226},
  pages={123--133},
  year={2012},
}




@book{TonColloc,
title = {5. Parameter Estimation},
booktitle = {Practical Methods for Optimal Control and Estimation Using Nonlinear Programming},
chapter = {5},
pages = {219-245},
  author={Betts, John T},
  volume={19},
  year={2010},
  publisher={Siam}
}

@article{RealMyoprocessors,
  title={Real-time myoprocessors for a neural controlled powered exoskeleton arm},
  author={Cavallaro, Ettore E and Rosen, Jacob and Perry, Joel C and Burns, Stephen},
  journal={IEEE Transactions on Biomedical Engineering},
  volume={53},
  number={11},
  pages={2387--2396},
  year={2006},
  publisher={IEEE}
}

@article{RecentLowerLimb,
  title={Recent trends in lower-limb robotic rehabilitation orthosis: Control scheme and strategy for pneumatic muscle actuated gait trainers},
  author={Dzahir, Mohd Azuwan Mat and Yamamoto, Shin-ichiroh},
  journal={Robotics},
  volume={3},
  number={2},
  pages={120--148},
  year={2014},
  publisher={Multidisciplinary Digital Publishing Institute}
}


@article{StrokeTreatmentAdvances,
  title={Advances in the understanding and treatment of stroke impairment using robotic devices},
  author={Hidler, Joseph and Nichols, Diane and Pelliccio, Marlena and Brady, Kathy},
  journal={Topics in stroke rehabilitation},
  volume={12},
  number={2},
  pages={22--35},
  year={2005},
  publisher={Taylor \& Francis}
}

@inproceedings{EMGbasedControl,
  title={EMG-Based Control of a 6DOF Upper-Limb Exoskeleton Robot},
  author={Gopura, RARC and KIGUCHI, Kazuo},
  booktitle={Proc. of Robotics and Mechatronics Conf},
  year={2009}
}


@article{AnUpperLimb,
  title={An upper-limb power-assist exoskeleton using proportional myoelectric control},
  author={Tang, Zhichuan and Zhang, Kejun and Sun, Shouqian and Gao, Zenggui and Zhang, Lekai and Yang, Zhongliang},
  journal={Sensors},
  volume={14},
  number={4},
  pages={6677--6694},
  year={2014},
  publisher={Multidisciplinary Digital Publishing Institute}
}


@inproceedings{keller2014design,
  title={Design of the pediatric arm rehabilitation robot ChARMin},
  author={Keller, Urs and Riener, Robert},
  booktitle={Biomedical Robotics and Biomechatronics (2014 5th IEEE RAS \& EMBS International Conference on},
  pages={530--535},
  year={2014},
  organization={IEEE}
}


@article{1989hybrid,
  title={Hybrid assistive system-the motor neuroprosthesis},
  author={Popovic, Dejan and Tomovic, RAJKO and Schwirtlich, Laszlo},
  journal={IEEE Transactions on Biomedical Engineering},
  volume={36},
  number={7},
  pages={729--737},
  year={1989},
  publisher={IEEE}
}


@article{2007efficient,
  title={An efficient approach to human motion modeling for the verification of human-centric product design and manufacturing in virtual environments},
  author={Mavrikios, Dimitris and Karabatsou, Vassiliki and Pappas, Menelais and Chryssolouris, George},
  journal={Robotics and Computer-Integrated Manufacturing},
  volume={23},
  number={5},
  pages={533--543},
  year={2007},
  publisher={Elsevier}
}


@article{Smartcontrol1,
  title={Control of smart exercise machines. i. problem formulation and nonadaptive control},
  author={Li, Perry Y and Horowitz, Roberto},
  journal={IEEE/ASME Transactions On Mechatronics},
  volume={2},
  number={4},
  pages={237--247},
  year={1997},
  publisher={IEEE}
}


@article{Smartcontrol2,
  title={Control of smart exercise machines. ii. self-optimizing control},
  author={Li, Perry Y and Horowitz, Roberto},
  journal={IEEE/ASME Transactions on Mechatronics},
  volume={2},
  number={4},
  pages={248--258},
  year={1997},
  publisher={IEEE}
}


@article{lee20173d,
  title={A 3D Human-Machine Integrated Design and Analysis Framework for Squat Exercises with a Smith Machine},
  author={Lee, Haerin and Jung, Moonki and Lee, Ki-Kwang and Lee, Sang Hun},
  journal={Sensors},
  volume={17},
  number={2},
  pages={299},
  year={2017},
  publisher={Multidisciplinary Digital Publishing Institute}
}


@article{A2010human,
  title={A Human--Machine Interface Design to Control an Intelligent Rehabilitation Robot System},
  author={Akdo{\u{g}}an, Erhan and Adl{\i}, M Arif and Ta{\c{c}}g{\i}n, Ertu{\u{g}}rul and Bennett, Nureddin},
  journal={Soft Computing Applications for Database Technologies: Techniques and Issues},
  pages={247--270},
  year={2010},
  publisher={IGI Global}
}

@article{2009johannsenhuman,
  title={Human-machine interaction},
  author={Johannsen, Gunnar},
  journal={CONTROL SYSTEMS, ROBOTICS AND AUTOMATION--Volume XXI: Elements of Automation},
  pages={132},
  year={2009},
  publisher={EOLSS Publications}
}

@article{qualityoflife,
  title={Quality of life in patients with prosthetic legs: a comparison study},
  author={Horne, Carolyn E and Neil, Janice A},
  journal={JPO: Journal of Prosthetics and Orthotics},
  volume={21},
  number={3},
  pages={154--159},
  year={2009},
  publisher={LWW}
}

@article{hillmuscle,
  title={The heat of shortening and the dynamic constants of muscle},
  author={Hill, A Vo},
  journal={Proceedings of the Royal Society of London B: Biological Sciences},
  volume={126},
  number={843},
  pages={136--195},
  year={1938},
  publisher={The Royal Society}
}

@incollection{hillmusclewinter,
  title={Hill-based muscle models: a systems engineering perspective},
  author={Winters, Jack M},
  booktitle={Multiple muscle systems},
  pages={69--93},
  year={1990},
  publisher={Springer}
}


@article{PAMdesignPAM,
  title={Design and evaluation of pneumatic artificial muscle for powered transfemoral prostheses},
  author={Doumit, Marc and Murillo, Jaime and Lawrynczyk, Agata and Baddour, Natalie},
  journal={J Med Biol Eng},
  volume={34},
  number={5},
  pages={439--447},
  year={2014}
}

@inproceedings{PAMbraided,
  title={Braided pneumatic actuator control of a multi-jointed manipulator},
  author={Caldwell, DG and Medrano-Cerda, GA and Goodwin, MJ},
  booktitle={Systems, Man and Cybernetics, 1993.'Systems Engineering in the Service of Humans', Conference Proceedings., International Conference on},
  volume={1},
  pages={423--428},
  year={1993},
  organization={IEEE}
}

@misc{PAMkukoAxially,
  title={Axially contractable actuator},
  author={Kukolj, Mirko},
  year={1988},
  month=mar # "~29",
  publisher={Google Patents},
  note={US Patent 4,733,603}
}

@misc{PAMimmega1989tension,
  title={Tension actuator load suspension system},
  author={Immega, Guy},
  year={1989},
  month=may # "~2",
  publisher={Google Patents},
  note={US Patent 4,826,206}
}

@misc{PAMpaynter1988high,
  title={High pressure fluid-driven tension actuators and method for constructing them},
  author={Paynter, Henry M},
  year={1988},
  month=jun # "~21",
  publisher={Google Patents},
  note={US Patent 4,751,869}
}

@article{HILL2013threeHILL,
  title={A three-dimensional musculoskeletal model of the chimpanzee (Pan troglodytes) pelvis and hind limb},
  author={O'Neill, Matthew C and Lee, Leng-Feng and Larson, Susan G and Demes, Brigitte and Stern, Jack T and Umberger, Brian R},
  journal={Journal of Experimental Biology},
  volume={216},
  number={19},
  pages={3709--3723},
  year={2013},
  publisher={The Company of Biologists Ltd}
}

@inproceedings{Forcekazerooni1998human,
  title={Human power extender: an example of human-machine interaction via the transfer of power and information signals},
  author={Kazerooni, H},
  booktitle={Advanced Motion Control, 1998. AMC'98-Coimbra., 1998 5th International Workshop on},
  pages={565--572},
  year={1998},
  organization={IEEE}
}

@article{Brainzander2011towards,
  title={Towards passive brain--computer interfaces: applying brain--computer interface technology to human--machine systems in general},
  author={Zander, Thorsten O and Kothe, Christian},
  journal={Journal of neural engineering},
  volume={8},
  number={2},
  pages={025005},
  year={2011},
  publisher={IOP Publishing}
}

@inproceedings{PAMsoftbelfort,
  title={Soft pneumatic actuators for rehabilitation},
  author={Belforte, Guido and Eula, Gabriella and Ivanov, Alexandre and Sirolli, Silvia},
  booktitle={Actuators},
  volume={3},
  number={2},
  pages={84--106},
  year={2014},
  organization={Multidisciplinary Digital Publishing Institute}
}

@inproceedings{PAM2016controlling,
  title={Controlling a multi-joint arm actuated by pneumatic muscles with quasi-DDP optimal control},
  author={Das, G Kumar Hari Shankar Lal and Tondu, Bertrand and Forget, Florent and Manhes, J{\'e}r{\^o}me and Stasse, Olivier and Sou{\`e}res, Philippe},
  booktitle={Intelligent Robots and Systems (IROS), 2016 IEEE/RSJ International Conference on},
  pages={521--528},
  year={2016},
  organization={IEEE}
}

@book{PAMtondu2007artificial,
  title={Artificial muscles for humanoid robots},
  author={Tondu, Bertrand},
  year={2007},
  publisher={INTECH Open Access Publisher}
}

@inproceedings{PAMwormeder2012compliant,
  title={Compliant worm-like robotic mechanism with decentrally controlled pneumatic artificial muscles},
  author={Eder, Martin and Karl, Maximilian and Knoll, Alois and Riesner, Stefan},
  booktitle={Innovative Engineering Systems (ICIES), 2012 First International Conference on},
  pages={243--248},
  year={2012},
  organization={IEEE}
}

@article{DELAY1979electromechanical,
  title={Electromechanical delay in human skeletal muscle under concentric and eccentric contractions},
  author={Cavanagh, Peter R and Komi, Paavo V},
  journal={European journal of applied physiology and occupational physiology},
  volume={42},
  number={3},
  pages={159--163},
  year={1979},
  publisher={Springer}
}

@article{HILLperformance1999performances,
  title={Performances of Hill-type and neural network muscle models—toward a myosignal-based exoskeleton},
  author={Rosen, Jacob and Fuchs, Moshe B and Arcan, Mircea},
  journal={Computers and Biomedical Research},
  volume={32},
  number={5},
  pages={415--439},
  year={1999},
  publisher={Elsevier}
}

@article{DELAY2001electromechanical,
  title={Electromechanical delay in isometric actions initiated from nonresting levels.},
  author={Vint, PETER F and McLean, SCOTT P and Harron, Gregory M},
  journal={Medicine and science in sports and exercise},
  volume={33},
  number={6},
  pages={978--983},
  year={2001}
}
@article{SOLNdelay2002connecting,
  title={Connecting cortex to machines: recent advances in brain interfaces},
  author={Donoghue, John P},
  journal={Nature neuroscience},
  volume={5},
  pages={1085--1088},
  year={2002},
  publisher={Nature publishing group}
}

@article{HILLusesartori2011neuromuscular,
  title={A Neuromuscular Human-Machine Interface for Applications in Rehabilitation Robotics},
  author={Sartori, Massimo},
  year={2011}
} 

@article{EMGuse2010surface,
  title={Surface EMG pattern recognition for real-time control of a wrist exoskeleton},
  author={Khokhar, Zeeshan O and Xiao, Zhen G and Menon, Carlo},
  journal={Biomedical engineering online},
  volume={9},
  number={1},
  pages={41},
  year={2010},
  publisher={BioMed Central}
}

@article{HILLuse2001myosignal,
  title={A myosignal-based powered exoskeleton system},
  author={Rosen, Jacob and Brand, Moshe and Fuchs, Moshe B and Arcan, Mircea},
  journal={IEEE Transactions on systems, Man, and Cybernetics-part A: Systems and humans},
  volume={31},
  number={3},
  pages={210--222},
  year={2001},
  publisher={IEEE}
}

@article{EMG2015neuromechanics,
  title={A neuromechanics-based powered ankle exoskeleton to assist walking post-stroke: a feasibility study},
  author={Takahashi, Kota Z and Lewek, Michael D and Sawicki, Gregory S},
  journal={Journal of neuroengineering and rehabilitation},
  volume={12},
  number={1},
  pages={23},
  year={2015},
  publisher={BioMed Central}
}

@article{EMG2013myoelectrically,
  title={Myoelectrically controlled wrist robot for stroke rehabilitation},
  author={Song, Rong and Tong, Kai-yu and Hu, Xiaoling and Zhou, Wei},
  journal={Journal of neuroengineering and rehabilitation},
  volume={10},
  number={1},
  pages={52},
  year={2013},
  publisher={BioMed Central}
}
%%%%%%%%%%%%%%%%%%%%%%%%%%%%%%%%%%%%% NOT PRINTED
@phdthesis{mountjoy2008use,
  title={Use of a Hill-based muscle model in the fast orthogonal search method to estimate wrist force and upper arm physiological parameters},
  author={Mountjoy, Katherine},
  year={2008}
}
%%%%%%%%%%%%%%%%%%%%%%%%%%%%%%%%%%%%%
%MPC CONSTRAINED
%%%%%%%%%%%%%%%%%%%%%%%%%%%%%%%%%%%%%

@book{constrained2000control,
  title={Control of systems with constraints},
  author={Bak, Martin},
  year={2000},
  publisher={Technical University of Denmark: {\O}rsted-DTU, Automation Lyngby, Denmark}
}

@book{HUMAN2000physiological,
  title={Physiological control systems: analysis, simulation, and estimation},
  author={Khoo, Michael CK},
  year={2000},
  publisher={Wiley Online Library}
}

@book{MPCrossiter2003model,
  title={Model-based predictive control: a practical approach},
  author={Rossiter, J Anthony},
  year={2003},
  publisher={CRC press}
}

@article{MPCdestributed2002distributed,
  title={Distributed model predictive control},
  author={Camponogara, Eduardo and Jia, Dong and Krogh, Bruce H and Talukdar, Sarosh},
  journal={IEEE Control Systems},
  volume={22},
  number={1},
  pages={44--52},
  year={2002},
  publisher={IEEE}
}

@book{richter2011advanced,
  title={Advanced control of turbofan engines},
  author={Richter, Hanz},
  year={2011},
  publisher={Springer Science \& Business Media}
}

@inproceedings{MPCStability1997constrained,
  title={Constrained finite receding horizon linear quadratic control},
  author={Primbs, James A and Nevistic, Vesna},
  booktitle={Decision and Control, 1997., Proceedings of the 36th IEEE Conference on},
  volume={4},
  pages={3196--3201},
  year={1997},
  organization={IEEE}
}

@phdthesis{MPC2005robust,
  title={Robust constrained model predictive control},
  author={Richards, Arthur George},
  year={2005},
  school={Massachusetts Institute of Technology}
}

@article{c14,
  title={Stable interaction control and coulomb friction compensation using natural admittance control},
  author={Newman, Wyatt S and Zhang, Yuandao},
  journal={Journal of robotic systems},
  volume={11},
  number={1},
  pages={3--11},
  year={1994},
  publisher={Wiley Online Library}
}

@inproceedings{otitoju2016admittance,
  title={Admittance control for an electromechanical rowing machine},
  author={Otitoju, Shola and Richter, Hanz and van den Bogert, Antonie J},
  booktitle={Advanced Intelligent Mechatronics (AIM), 2016 IEEE International Conference on},
  pages={142--147},
  year={2016},
  organization={IEEE}
}


@book{betts2010practical,
  title={Practical methods for optimal control and estimation using nonlinear programming},
  author={Betts, John T},
  year={2010},
  publisher={SIAM}
}
@inproceedings{c15,
  title={Comparison of on-water rowing with its simulation on Concept2 and Rowperfect machines},
  author={Kleshnev, Valery},
  booktitle={Proceedings of XXIII International Symposium on Biomechanics in Sports},
  pages={130--133},
  year={2005}
}

@article{mil,
  title={An introduction to the fractional calculus and fractional differential equations},
  author={Miller, Kenneth S and Ross, Bertram},
  year={1993},
  publisher={Wiley-Interscience}
}

@article{nasa,
  title={Fractional Order Modeling of Atmospheric Turbulence-A More Accurate Modeling Methodology for Aero Vehicles},
  author={Kopasakis, George},
  year={2014}
}
@inproceedings{c11,
  title={Impedance control with energy regeneration in advanced exercise machines},
  author={Richter, Hanz and Selvaraj, Dhipak},
  booktitle={American Control Conference (ACC), 2015},
  pages={5890--5895},
  year={2015},
  organization={IEEE}
}
@book{karnopp,
Author={Karnopp, D. and Margolis, D. and Rosenberg, R.C.},
Title={System Dynamics: Modeling, Simulation, and Control of Mechatronic Systems, 5th Ed.},
Year={2012},
Publisher={Wiley}}
@book{real,
  title={Analogue Realizations of Fractional Order Controllers},
  author={Petr{\'a}{\v{s}}, Ivo and Podlubn{\`y}, Igor and O'Leary, Paul and Dor{\v{c}}{\'a}k, L'ubom{\'\i}r and Vinagre, Blas M},
  year={2002},
  publisher={Technick{\'a} univerzita}
}

@article{bloomfield1997changes,
  title={Changes in musculoskeletal structure and function with prolonged bed rest.},
  author={Bloomfield, Susan A},
  journal={Medicine and science in sports and exercise},
  volume={29},
  number={2},
  pages={197--206},
  year={1997}
}

@article{MuscleProp1gerritsen1998intrinsic,
  title={Intrinsic muscle properties facilitate locomotor control—a computer simulation study},
  author={Gerritsen, Karin GM and van den Bogert, Anton J and Hulliger, Manuel and Zernicke, Ronald F},
  journal={Motor control},
  volume={2},
  number={3},
  pages={206--220},
  year={1998}
}
@article{MuscleProp2kumamoto1994control,
  title={Control properties induced by the existence of antagonistic pairs of bi-articular muscles—Mechanical engineering model analyses},
  author={Kumamoto, Minayori and Oshima, Toru and Yamamoto, Tomohisa},
  journal={Human Movement Science},
  volume={13},
  number={5},
  pages={611--634},
  year={1994},
  publisher={Elsevier}
}
@article{bodysoft2012soft,
  title={Soft Interaction Between Body Weight Support System and Human Using Impedance Control Based on Fractional Calculus},
  author={Kobayashi, Yo and Watanabe, Takao and Seki, Masatoshi and Ando, Takeshi and Fujie, Masakatsu G},
  journal={Advanced Robotics},
  volume={26},
  number={11-12},
  pages={1253--1269},
  year={2012},
  publisher={Taylor \& Francis}
}

@article{BI1salvucci2013non,
  title={Non-linear phase different control for precise output force of bi-articularly actuated manipulators},
  author={Salvucci, Valerio and Kimura, Yasuto and Oh, Sehoon and Hori, Yoichi},
  journal={Advanced Robotics},
  volume={27},
  number={2},
  pages={109--120},
  year={2013},
  publisher={Taylor \& Francis}
}

@inproceedings{BI2salvucci2011experimental,
  title={Experimental verification of infinity norm approach for force maximization of manipulators driven by bi-articular actuators},
  author={Salvucci, Valerio and Kimura, Yasuto and Oh, Sehoon and Hori, Yoichi},
  booktitle={American Control Conference (ACC), 2011},
  pages={4105--4110},
  year={2011},
  organization={IEEE}
}

@article{RichterRep,
  title={Nonlinear Control of Muscle-Driven
Linkages},
  author={Hanz, Richter},
  booktitle={},
 pages={},
 year={2016},
 publisher={}
}

@book{sLIDINGedwards1998sliding,
  title={Sliding mode control: theory and applications},
  author={Edwards, Christopher and Spurgeon, Sarah},
  year={1998},
  publisher={Crc Press}
}
@book{perruquetti2002sliding,
  title={Sliding mode control in engineering},
  author={Perruquetti, Wilfrid and Barbot, Jean-Pierre},
  year={2002},
  publisher={CRC Press}
}
@inproceedings{SlideRev1ianagui2012modeling,
  title={Modeling and control of an antagonistic shape memory alloy actuator},
  author={Ianagui, Andr{\'e} and Tannuri, Eduardo Aoun},
  booktitle={ABCM Symposium Series in Mechatronics, Section VIII-Sensors \& Actuators},
  volume={5},
  pages={1268--1277},
  year={2012}
}
@inproceedings{agmSMCskorina2015feedforward,
  title={Feedforward augmented sliding mode motion control of antagonistic soft pneumatic actuators},
  author={Skorina, Erik H and Luo, Ming and Ozel, Selim and Chen, Fuchen and Tao, Weijia and Onal, Cagdas D},
  booktitle={Robotics and Automation (ICRA), 2015 IEEE International Conference on},
  pages={2544--2549},
  year={2015},
  organization={IEEE}
}

@article{estimationCONTROLzhang2017active,
  title={Active Model-Based Control for Pneumatic Artificial Muscle},
  author={Zhang, Daohui and Zhao, Xingang and Han, Jianda},
  journal={IEEE Transactions on Industrial Electronics},
  volume={64},
  number={2},
  pages={1686--1695},
  year={2017},
  publisher={IEEE}
}

@article{aptbacksteppingfarag2015adaptive,
  title={Adaptive Backstepping Position Control of Pneumatic Anthropomorphic Robotic Hand},
  author={Farag, Mohannad and Azlan, Norsinnira Zainul},
  journal={Procedia Computer Science},
  volume={76},
  pages={161--167},
  year={2015},
  publisher={Elsevier}
}
@article{HISrichalet1978model,
  title={Model predictive heuristic control: Applications to industrial processes},
  author={Richalet, Jacques and Rault, A and Testud, JL and Papon, J},
  journal={Automatica},
  volume={14},
  number={5},
  pages={413--428},
  year={1978},
  publisher={Elsevier}
}
@article{overholkar2010overview,
  title={An overview of model predictive control},
  author={Holkar, KS and Waghmare, LM},
  journal={International Journal of Control and Automation},
  volume={3},
  number={4},
  pages={47--63},
  year={2010}
}
@article{overgarcia1989model,
  title={Model predictive control: theory and practice—a survey},
  author={Garcia, Carlos E and Prett, David M and Morari, Manfred},
  journal={Automatica},
  volume={25},
  number={3},
  pages={335--348},
  year={1989},
  publisher={Elsevier}
}
@article{overruchika2013model,
  title={Model predictive control: History and development},
  author={Ruchika, Neha Raghu},
  journal={International Journal of Engineering Trends and Technology (IJETT)},
  volume={4},
  number={6},
  pages={2600--2602},
  year={2013}
}
@article{MINMAXraimondo2009min,
  title={Min-max model predictive control of nonlinear systems: A unifying overview on stability},
  author={Raimondo, Davide Martino and Limon, Daniel and Lazar, Mircea and Magni, Lalo and ndez Camacho, Eduardo Fernс},
  journal={European Journal of Control},
  volume={15},
  number={1},
  pages={5--21},
  year={2009},
  publisher={Elsevier}
}
@inproceedings{tightrichards2006robust,
  title={Robust stable model predictive control with constraint tightening},
  author={Richards, Arthur and How, Jonathan},
  booktitle={Proc. American Control Conference, 2006},
  pages={6--pp},
  year={2006},
  organization={IEEE}
}
@article{tubejeantube,
  title={Tube-Based {MPC}: a Contraction Theory Approach},
  author={Jean-Jacques, Sumeet Singh Marco Pavone and Slotine, E}
}
@inproceedings{mpcnmpctricaud2008linear,
  title={Linear and nonlinear model predictive control using a general purpose optimal control problem solver RIOTS 95},
  author={Tricaud, Christophe and Chen, YangQuan},
  booktitle={Proc. Control and Decision Conference, 2008. CCDC 2008. Chinese},
  pages={1552--1557},
  year={2008},
  organization={IEEE}
}
@article{mayne1990receding,
  title={Receding horizon control of nonlinear systems},
  author={Mayne, David Q and Michalska, Hannah},
  journal={IEEE Transactions on automatic control},
  volume={35},
  number={7},
  pages={814--824},
  year={1990},
  publisher={IEEE}
}
@article{mayne2000constrained,
  title={Constrained model predictive control: Stability and optimality},
  author={Mayne, David Q and Rawlings, James B and Rao, Christopher V and Scokaert, Pierre OM},
  journal={Automatica},
  volume={36},
  number={6},
  pages={789--814},
  year={2000},
  publisher={Elsevier}
}
@article{kobayashi2012soft,
  title={Soft Interaction Between Body Weight Support System and Human Using Impedance Control Based on Fractional Calculus},
  author={Kobayashi, Yo and Watanabe, Takao and Seki, Masatoshi and Ando, Takeshi and Fujie, Masakatsu G},
  journal={Advanced Robotics},
  volume={26},
  number={11-12},
  pages={1253--1269},
  year={2012},
  publisher={Taylor \& Francis}
}
@article{holly20,
  title={Non-dimensional modeling and simulation of an agonist-antagonist muscle-driven system},
  author={Holly, Warner and Hanz, Richter},
  journal={Technical report},
  year={2016},
  publisher={Control, Robotics, and Mechatronics Lab, Cleveland State University. http:// academic.csuohio.edu/richter_h/lab/aem.htm.}
}

@article{vandetbogartjagodnik2010optimization,
  title={Optimization and evaluation of a proportional derivative controller for planar arm movement},
  author={Jagodnik, Kathleen M and van den Bogert, Antonie J},
  journal={Journal of Biomechanics},
  volume={43},
  number={6},
  pages={1086--1091},
  year={2010},
  publisher={Elsevier}
}

@inproceedings{thomas2009application,
  title={Application of the Actor-Critic Architecture to Functional Electrical Stimulation Control of a Human Arm.},
  author={Thomas, Philip S and van den Bogert, Antonie J and Jagodnik, Kathleen M and Branicky, Michael S},
  booktitle={IAAI},
  year={2009}
}
@article{DMPCkoeln2017stability,
  title={Stability of decentralized model predictive control of graph-based power flow systems via passivity},
  author={Koeln, Justin P and Alleyne, Andrew G},
  journal={Automatica},
  volume={82},
  pages={29--34},
  year={2017},
  publisher={Elsevier}
}
@article{DMPCscattolini2009architectures,
  title={Architectures for distributed and hierarchical model predictive control--a review},
  author={Scattolini, Riccardo},
  journal={Journal of process control},
  volume={19},
  number={5},
  pages={723--731},
  year={2009},
  publisher={Elsevier}
}
@article{DMPCcamponogara2002distributed,
  title={Distributed model predictive control},
  author={Camponogara, Eduardo and Jia, Dong and Krogh, Bruce H and Talukdar, Sarosh},
  journal={IEEE Control Systems},
  volume={22},
  number={1},
  pages={44--52},
  year={2002},
  publisher={IEEE}
}
@article{DMPCAPLYkirubakaran2014distributed,
  title={Distributed multiparametric model predictive control design for a quadruple tank process},
  author={Kirubakaran, V and Radhakrishnan, TK and Sivakumaran, N},
  journal={Measurement},
  volume={47},
  pages={841--854},
  year={2014},
  publisher={Elsevier}
}
@article{DMPCSWARMmorgan2014model,
  title={Model predictive control of swarms of spacecraft using sequential convex programming},
  author={Morgan, Daniel and Chung, Soon-Jo and Hadaegh, Fred Y},
  journal={Journal of Guidance, Control, and Dynamics},
  year={2014},
  publisher={American Institute of Aeronautics and Astronautics}
}
@inproceedings{dmpc1acar1992some,
  title={Some examples for the decentralized receding horizon control},
  author={Acar, Levent},
  booktitle={Decision and Control, 1992., Proceedings of the 31st IEEE Conference on},
  pages={1356--1359},
  year={1992},
  organization={IEEE}
}
@inproceedings{dmpc2alessio2007decentralized,
  title={Decentralized model predictive control of constrained linear systems},
  author={Alessio, Alessandro and Bemporad, Alberto},
  booktitle={Control Conference (ECC), 2007 European},
  pages={2813--2818},
  year={2007},
  organization={IEEE}
}
@inproceedings{dmpc3alessio2008stability,
  title={Stability conditions for decentralized model predictive control under packet drop communication},
  author={Alessio, Alessandro and Bemporad, Alberto},
  booktitle={American Control Conference, 2008},
  pages={3577--3582},
  year={2008},
  organization={IEEE}
}

@article{dmpc4dunbar2007distributed,
  title={Distributed receding horizon control of dynamically coupled nonlinear systems},
  author={Dunbar, William B},
  journal={IEEE Transactions on Automatic Control},
  volume={52},
  number={7},
  pages={1249--1263},
  year={2007},
  publisher={IEEE}
}
@article{dmpc5ferrari2008contractive,
  title={Contractive distributed {MPC} for consensus in networks of single-and double-integrators},
  author={Ferrari-Trecate, Giancarlo and Galbusera, Luca and Marciandi, Marco Pietro Enrico and Scattolini, Riccardo},
  journal={IFAC Proceedings Volumes},
  volume={41},
  number={2},
  pages={9033--9038},
  year={2008},
  publisher={Elsevier}
}
@article{dmpc6franco2008cooperative,
  title={Cooperative constrained control of distributed agents with nonlinear dynamics and delayed information exchange: A stabilizing receding-horizon approach},
  author={Franco, Elisa and Magni, Lalo and Parisini, Thomas and Polycarpou, Marios M and Raimondo, Davide M},
  journal={IEEE Transactions on Automatic Control},
  volume={53},
  number={1},
  pages={324--338},
  year={2008},
  publisher={IEEE}
}
@article{mpc7hovd1994sequential,
  title={Sequential design of decentralized controllers},
  author={Hovd, Morten and Skogestad, Sigurd},
  journal={Automatica},
  volume={30},
  number={10},
  pages={1601--1607},
  year={1994},
  publisher={Elsevier}
}

@article{zajac1989muscle,
  title={Muscle and Tendon Properties Models Scaling and Application to Biomechanics and Motor},
  author={Zajac, Felix E},
  journal={Critical reviews in biomedical engineering},
  volume={17},
  number={4},
  pages={359--411},
  year={1989}
}
@article{muscleyucesoy2002three,
  title={Three-dimensional finite element modeling of skeletal muscle using a two-domain approach: linked fiber-matrix mesh model},
  author={Yucesoy, Can A and Koopman, Bart HFJM and Huijing, Peter A and Grootenboer, Henk J},
  journal={Journal of Biomechanics},
  volume={35},
  number={9},
  pages={1253--1262},
  year={2002},
  publisher={Elsevier}
}
@article{musclehuxley1957double,
  title={The double array of filaments in cross-striated muscle},
  author={Huxley, HE},
  journal={The Journal of Cell Biology},
  volume={3},
  number={5},
  pages={631--648},
  year={1957},
  publisher={Rockefeller University Press}
}
@article{haeufle2014hill,
  title={Hill-type muscle model with serial damping and eccentric force--velocity relation},
  author={Haeufle, DFB and G{\"u}nther, M and Bayer, A and Schmitt, S},
  journal={Journal of Biomechanics},
  volume={47},
  number={6},
  pages={1531--1536},
  year={2014},
  publisher={Elsevier}
}

@article{feedforwardkino2013numerical,
  title={Numerical analysis of feedforward position control for non-pulley musculoskeletal system: a case study of muscular arrangements of a two-link planar system with six muscles},
  author={Kino, Hitoshi and Kikuchi, Shiro and Matsutani, Yuki and Tahara, Kenji and Nishiyama, Takahiro},
  journal={Advanced Robotics},
  volume={27},
  number={16},
  pages={1235--1248},
  year={2013},
  publisher={Taylor \& Francis}
}

@article{Anthropomimeticwittmeier2013toward,
  title={Toward anthropomimetic robotics: development, simulation, and control of a musculoskeletal torso},
  author={Wittmeier, Steffen and Alessandro, Cristiano and Bascarevic, Nenad and Dalamagkidis, Konstantinos and Devereux, David and Diamond, Alan and J{\"a}ntsch, Michael and Jovanovic, Kosta and Knight, Rob and Marques, Hugo Gravato and others},
  journal={Artificial {L}ife},
  volume={19},
  number={1},
  pages={171--193},
  year={2013},
  publisher={MIT Press}
}

@book{bemporad2010networked,
  title={Networked control systems},
  author={Bemporad, Alberto and Heemels, Maurice and Johansson, Mikael},
  volume={406},
  year={2010},
  publisher={Springer}
}

@article{alessio2011decentralized,
  title={Decentralized model predictive control of dynamically coupled linear systems},
  author={Alessio, Alessandro and Barcelli, Davide and Bemporad, Alberto},
  journal={Journal of Process Control},
  volume={21},
  number={5},
  pages={705--714},
  year={2011},
  publisher={Elsevier}
}


@article{barcelli2009decentralized,
  title={Decentralized model predictive control of dynamically-coupled linear systems: Tracking under packet loss},
  author={Barcelli, Davide and Bemporad, Alberto},
  journal={IFAC Proceedings Volumes},
  volume={42},
  number={20},
  pages={204--209},
  year={2009},
  publisher={Elsevier}
}

@article{magni2006stabilizing,
  title={Stabilizing decentralized model predictive control of nonlinear systems},
  author={Magni, Lalo and Scattolini, Riccardo},
  journal={Automatica},
  volume={42},
  number={7},
  pages={1231--1236},
  year={2006},
  publisher={Elsevier}
}

@inproceedings{shim2003decentralized,
  title={Decentralized nonlinear model predictive control of multiple flying robots},
  author={Shim, David H and Kim, H Jin and Sastry, Shankar},
  booktitle={Decision and control, 2003. Proceedings. 42nd IEEE {C}onference},
  volume={4},
  pages={3621--3626},
  year={2003},
  organization={IEEE}
}

@inproceedings{richards2004decentralized,
  title={Decentralized model predictive control of cooperating {UAV}s},
  author={Richards, Arthur and How, Jonathan},
  booktitle={Decision and Control, 2004. CDC. 43rd IEEE Conference},
  volume={4},
  pages={4286--4291},
  year={2004},
  organization={IEEE}
}
@book{rossiter2003model,
  title={Model-based predictive control: a practical approach},
  author={Rossiter, J Anthony},
  year={2003},
  publisher={CRC press}
}
@article{hollerbach1982computers,
  title={Computers, brains and the control of movement},
  author={Hollerbach, John M},
  journal={Trends in Neurosciences},
  volume={5},
  pages={189--192},
  year={1982},
  publisher={Elsevier}
}
@article{sun2011neural,
  title={Neural network-based sliding mode adaptive control for robot manipulators},
  author={Sun, Tairen and Pei, Hailong and Pan, Yongping and Zhou, Hongbo and Zhang, Caihong},
  journal={Neurocomputing},
  volume={74},
  number={14-15},
  pages={2377--2384},
  year={2011},
  publisher={Elsevier}
}
@article{ouyang2006adaptive,
  title={An adaptive switching learning control method for trajectory tracking of robot manipulators},
  author={Ouyang, PR and Zhang, WJ and Gupta, Madan M},
  journal={Mechatronics},
  volume={16},
  number={1},
  pages={51--61},
  year={2006},
  publisher={Elsevier}
}
@article{yu2013neural,
  title={Neural PID control of robot manipulators with application to an upper limb exoskeleton},
  author={Yu, Wen and Rosen, Jacob},
  journal={IEEE Transactions on cybernetics},
  volume={43},
  number={2},
  pages={673--684},
  year={2013},
  publisher={IEEE}
}
@article{li2017adaptive,
  title={Adaptive impedance control for an upper limb robotic exoskeleton using biological signals},
  author={Li, Zhijun and Huang, Zhicong and He, Wei and Su, Chun-Yi},
  journal={IEEE Transactions on Industrial Electronics},
  volume={64},
  number={2},
  pages={1664--1674},
  year={2017},
  publisher={IEEE}
}

@article{arnold2010model,
  title={A model of the lower limb for analysis of human movement},
  author={Arnold, Edith M and Ward, Samuel R and Lieber, Richard L and Delp, Scott L},
  journal={Annals of biomedical engineering},
  volume={38},
  number={2},
  pages={269--279},
  year={2010},
  publisher={Springer}
}

@inproceedings{perry2006design,
  title={Design of a 7 degree-of-freedom upper-limb powered exoskeleton},
  author={Perry, Joel C and Rosen, Jacob},
  booktitle={Biomedical Robotics and Biomechatronics, 2006. BioRob 2006. The First IEEE/RAS-EMBS International Conference on},
  pages={805--810},
  year={2006},
  organization={IEEE}
}
@article{berniker2009simplified,
  title={Simplified and effective motor control based on muscle synergies to exploit musculoskeletal dynamics},
  author={Berniker, Max and Jarc, Anthony and Bizzi, Emilio and Tresch, Matthew C},
  journal={Proceedings of the National Academy of Sciences},
  volume={106},
  number={18},
  pages={7601--7606},
  year={2009},
  publisher={National Acad Sciences}
}