@inproceedings{sup,
Author={Sup, F. and others},
Title={Design and Control of an Active Electrical Knee and Ankle
Prosthesis},
Booktitle={Proc. IEEE. RAS EMBS Int. Conf. Biomed. Robot. Biomechatron.},
Pages={523-528},
Year={2008}}

@techreport{
CMAPSS-TM,
     Author={Frederick, D.K. and De{C}astro, J.A. and Litt, J.S.},
     Title={User's {G}uide for the {C}ommercial {M}odular {A}ero-{P}ropulsion {S}ystem {S}imulation ({CMAPSS})},
     Institution={NASA TM-2007-215026, Glenn Research Center, Cleveland, Ohio},
     Year={2007}}

@article{
bempoTAC02,
   Author = {Bemporad, A. and Borrelli, F. and Morari, M.},
   Title = {Model Predictive Control Based on Linear Programming - The Explicit Solution},
   Journal = {IEEE Transactions on Automatic Control},
   Volume = {47},
   Number = {12},
   Pages = {1974-1985},
   Year = {2002}}

@article{
bempoaut02,
        Author={Bemporad, A. and others},
        Title={The Explicit Quadratic Regulator for Constrained Systems},
        Journal={Automatica},
        Volume={38},
        Number={1},
        Pages={3-20},
        Year={2002}}

@article{
AIAA-MPC,
        Author={Richter, H. and Singaraju, A.V. and Litt, J.S.},
        Title={Multiplexed Predictive Control of a Large Commercial Turbofan Engine},
        Journal={AIAA Journal of Guidance, Dynamics and Control},
        Volume={31},
        Number={2},
        Pages={273-281},
        Year={2008}}

@book{
astromPIDbook,
    Author={\AA{}strom, K.J. and H\"{a}gglund, T.},
    Title={PID Controllers: Theory, Design and Tuning},
    year={1995},
    Publisher={Instrument Society of America}}

@incollection{
johanbook,
    Author={Johansson, M.},
    Title={Piecewise Linear Control Systems},
    Booktitle={Lecture Notes in Control and Information Sciences},
    year={2003},
    Volume = {284},
    Publisher={Springer}}
